
@incollection{vo2012following,
  title={Following a group of targets in large environments},
  author={Vo, Christopher and McKay, Sam and Garg, Nikhil and Lien, Jyh-Ming},
  booktitle={Motion in Games},
  pages={19--30},
  year={2012},
  publisher={Springer}
}

@article{wallar2015reactive,
    author={A. Wallar and E. Plaku and D. A. Sofge},
    journal={IEEE Transactions on Automation Science and Engineering},
    title={Reactive Motion Planning for Unmanned Aerial Surveillance of Risk-Sensitive Areas},
    year={2015},
    volume={12},
    number={3},
    pages={969-980},
    doi={10.1109/TASE.2015.2443033},
    ISSN={1545-5955},
    month={July},}

@article{karaman2011sampling,
  title={Sampling-based algorithms for optimal motion planning},
  author={Karaman, Sertac and Frazzoli, Emilio},
  journal={The International Journal of Robotics Research},
  volume={30},
  number={7},
  pages={846--894},
  year={2011},
  publisher={Sage Publications}
}

@book{lavalle2006planning,
  title={Planning algorithms},
  author={LaValle, Steven M},
  year={2006},
  publisher={Cambridge university press}
}

@article{lozano1983spatial,
  title={Spatial planning: A configuration space approach},
  author={Lozano-Perez, Tomas},
  journal={Computers, IEEE Transactions on},
  volume={100},
  number={2},
  pages={108--120},
  year={1983},
  publisher={IEEE}
}

@article{transeth2008snakerobot,
  title={3-D snake robot motion: Nonsmooth modeling, simulations, and experiments},
  author={Transeth, Aksel A and Leine, Remco I and Glocker, Christoph and Pettersen, Kristin Y},
  journal={Robotics, IEEE Transactions on},
  volume={24},
  number={2},
  pages={361--376},
  year={2008},
  publisher={IEEE}
}

@article{kavraki1996prm,
  title = {Probabilistic Roadmaps for Path Planning in High Dimensional Configuration Spaces},
  journal = {IEEE Transactions on Robotics and Automation},
  volume = {12},
  number = {4},
  year = {1996},
  pages = {566-580},
  doi = {10.1109/70.508439},
  author = {Kavraki, Lydia E and Svestka, P. and Latombe, Jean-Claude and Overmars, M.}
}

@article{lavalle1998rrt,
  title={Rapidly-Exploring Random Trees A Ð¦ew Tool for Path Planning},
  author={LaValle, Steven M},
  year={1998}
}